@article{howden2011,
  title={Nitrate pollution in intensively farmed regions: What are the prospects for sustaining high-quality groundwater?},
  author={Howden, Nicholas JK and Burt, Tim P and Worrall, Fred and Mathias, Simon and Whelan, Mick J},
  journal={Water Resources Research},
  volume={47},
  number={6},
  year={2011},
  publisher={Wiley Online Library}
}

@article{norman2006,
  title={Modelling of bridges subject to multiple support excitation},
  author={Norman, J and Virden, DW and Crewe, AJ and Wagg, DJ},
  journal={Structural Engineer},
  volume={84},
  number={5},
  pages={24--26},
  year={2006}
}

@inproceedings{polshin1957,
  title={Maximum allowable non-uniform settlement of structures},
  author={Polshin, Do Eo and Tokar, RA},
  booktitle={Proc., 4th Int. Conf. on Soil Mechanics and Foundation Engineering},
  volume={1},
  pages={402--405},
  year={1957},
  organization={Butterworthâ€™s London}
}

@book{smith2006,
  title={Foundations of materials science and engineering},
  author={Smith, WF and Hashemi, J},
  year={2006},
  publisher={Mcgraw-Hill Publishing}
}

@book{beven2018,
  title={Environmental modelling: an uncertain future?},
  author={Beven, Keith},
  year={2018},
  publisher={CRC press}
}

@article{pianosi2016,
  title={Sensitivity analysis of environmental models: A systematic review with practical workflow},
  author={Pianosi, Francesca and Beven, Keith and Freer, Jim and Hall, Jim W and Rougier, Jonathan and Stephenson, David B and Wagener, Thorsten},
  journal={Environmental Modelling \& Software},
  volume={79},
  pages={214--232},
  year={2016},
  publisher={Elsevier}
}